<record><leader>00000cas a22000007a 4500</leader><controlfield tag="001">8793643</controlfield><controlfield tag="008">820921d18371844aruwr ne      0    0eng  </controlfield><datafield ind1=" " ind2=" " tag="010"><subfield code="a">sn 82014266 </subfield></datafield><datafield ind1=" " ind2=" " tag="040"><subfield code="a">DLC</subfield><subfield code="b">eng</subfield><subfield code="c">DLC</subfield><subfield code="d">NPV</subfield><subfield code="d">NPX</subfield><subfield code="d">OCL</subfield><subfield code="d">DLC</subfield><subfield code="d">PPM</subfield><subfield code="d">DLC</subfield><subfield code="d">PPM</subfield><subfield code="d">DLC</subfield><subfield code="d">ANU</subfield><subfield code="d">OBN</subfield><subfield code="d">OCL</subfield><subfield code="d">OCLCO</subfield><subfield code="d">OCLCF</subfield><subfield code="d">CUS</subfield></datafield><datafield ind1=" " ind2=" " tag="019"><subfield code="a">8793537</subfield><subfield code="a">8793584</subfield></datafield><datafield ind1=" " ind2=" " tag="042"><subfield code="a">msc</subfield></datafield><datafield ind1="0" ind2="0" tag="050"><subfield code="a">Newspaper 7107</subfield></datafield><datafield ind1="0" ind2="0" tag="245"><subfield code="a">Arkansas times and advocate.</subfield></datafield><datafield ind1="0" ind2="0" tag="246"><subfield code="a">Times and advocate</subfield></datafield><datafield ind1=" " ind2=" " tag="260"><subfield code="a">Little Rock [Ark.] :</subfield><subfield code="b">J.H. Reed,</subfield></datafield><datafield ind1=" " ind2=" " tag="300"><subfield code="a">volumes</subfield></datafield><datafield ind1=" " ind2=" " tag="310"><subfield code="a">Weekly</subfield></datafield><datafield ind1=" " ind2=" " tag="336"><subfield code="a">text</subfield><subfield code="b">txt</subfield><subfield code="2">rdacontent</subfield></datafield><datafield ind1=" " ind2=" " tag="337"><subfield code="a">unmediated</subfield><subfield code="b">n</subfield><subfield code="2">rdamedia</subfield></datafield><datafield ind1=" " ind2=" " tag="338"><subfield code="a">volume</subfield><subfield code="b">nc</subfield><subfield code="2">rdacarrier</subfield></datafield><datafield ind1="0" ind2=" " tag="362"><subfield code="a">Vol. 3, no. 14 (May 1, 1837)-</subfield></datafield><datafield ind1="1" ind2=" " tag="362"><subfield code="a">Ceased in 1844?</subfield></datafield><datafield ind1=" " ind2=" " tag="500"><subfield code="a">Published as: Times and advocate, May 24-July 19, 1841.</subfield></datafield><datafield ind1=" " ind2=" " tag="515"><subfield code="a">Suspended July 26-Aug. 2, 1841.</subfield></datafield><datafield ind1=" " ind2=" " tag="530"><subfield code="a">Also available on microfilm from the State Historical Society of Wisconsin.</subfield></datafield><datafield ind1=" " ind2="0" tag="651"><subfield code="a">Little Rock (Ark.)</subfield><subfield code="v">Newspapers.</subfield></datafield><datafield ind1=" " ind2="0" tag="651"><subfield code="a">Pulaski County (Ark.)</subfield><subfield code="v">Newspapers.</subfield></datafield><datafield ind1=" " ind2="7" tag="651"><subfield code="a">Arkansas</subfield><subfield code="z">Little Rock.</subfield><subfield code="2">fast</subfield><subfield code="0">(OCoLC)fst01206922</subfield></datafield><datafield ind1=" " ind2="7" tag="651"><subfield code="a">Arkansas</subfield><subfield code="z">Pulaski County.</subfield><subfield code="2">fast</subfield><subfield code="0">(OCoLC)fst01208517</subfield></datafield><datafield ind1=" " ind2="7" tag="655"><subfield code="a">Newspapers.</subfield><subfield code="2">fast</subfield><subfield code="0">(OCoLC)fst01423814</subfield></datafield><datafield ind1=" " ind2=" " tag="752"><subfield code="a">United States</subfield><subfield code="b">Arkansas</subfield><subfield code="c">Pulaski</subfield><subfield code="d">Little Rock.</subfield></datafield><datafield ind1="0" ind2="4" tag="780"><subfield code="t">Arkansas weekly times</subfield><subfield code="w">(DLC)sn 82014271</subfield><subfield code="w">(OCoLC)8793694</subfield></datafield><datafield ind1="0" ind2="4" tag="780"><subfield code="t">Arkansas advocate (Little Rock, Ark. : 1830)</subfield><subfield code="w">(DLC)sn 87062070</subfield><subfield code="w">(OCoLC)2712584</subfield></datafield><datafield ind1="1" ind2=" " tag="029"><subfield code="a">AU@</subfield><subfield code="b">000020129828</subfield></datafield></record>